\usepackage[utf8]{inputenc}
\begin{thebibliography}{999}

@article{Li2018,
  title={Learning Linear Transformations for Fast Arbitrary Style Transfer},
  author={X. Li and S. Liu and J. Kautz and M. Yang},
  year={2018},
  publisher={CVPR}
}

@misc{vgg,
    title={Very Deep Convolutional Networks for Large-Scale Image Recognition},
    author={Karen Simonyan and Andrew Zisserman},
    year={2014},
    eprint={1409.1556},
    archivePrefix={arXiv},
    primaryClass={cs.CV}
}


@book{Goodfellow-et-al-2016,
    title={Deep Learning},
    author={Ian Goodfellow and Yoshua Bengio and Aaron Courville},
    publisher={MIT Press},
    year={2016}
}

@misc{MLgoogle,
    title={Machine Learning Glossary},
    howpublished="\url{https://developers.google.com/machine-learning/}",
    key = {Google},
    year = {2019},
    journal = {Google for developers}
}

@misc{deepai,
    title={Machine Learning Glossary And Terms},
    howpublished="\url{https://deepai.org/machine-learning-glossary-and-terms/}",
    author = {DeepAI Team},
    key = {DeepAI},
    year = {2019},
    journal = {deepai.org}
}

@misc{tfplayground,
    title={TensorFlow Playground},
    howpublished="\url{https://github.com/tensorflow/playground}",
    key = {Google TensorFlow},
    year = {2019},
    journal = {TensorFlow Documentation}
}

@misc{dlstanford,
    title={Deep Learning Tutorial by Stanford University},
    howpublished="\url{http://deeplearning.stanford.edu/tutorial/}",
    key = {Stanford University},
    year = {2019},
    journal = {deeplearning.stanford.edu}
}

@misc{cs231n,
    title={cs231n Course by Stanford University},
    howpublished="\url{http://cs231n.github.io/convolutional-networks/}",
    author = {Andrew Ng et al.},
    key = {Stanford University CS231n},
    journal = {GitHub},
    year = {2015}
}

@misc{towardsdatascience,
    title={Everything you ever wanted to know about computer vision},
    howpublished="\url{https://towardsdatascience.com/}",
    author = {Ilija Mihajlovic},
    publisher = {Towards Data Science},
    journal = {towardsdatascience.com},
    year = {2019}
}

@misc{zeiler2013visualizing,
    title={Visualizing and Understanding Convolutional Networks},
    author={Matthew D Zeiler and Rob Fergus},
    year={2013},
    eprint={1311.2901},
    archivePrefix={arXiv},
    primaryClass={cs.CV}
}

@misc{pytorch,
    title={Pytorch Documentation},
    howpublished="\url{https://pytorch.org/docs/}",
    key = {PyTorch},
    year = {2019},
    journal = {pytorch.org},
}

@misc{flaskdocs,
    title={Flask Documentation},
    howpublished="\url{http://flask.palletsprojects.com/}",
    key = {Pallets},
    year = {2019},
    journal = {palletsprojects.com}
}

@article{krizhevsky-imagenet,
    author = {Krizhevsky, Alex and Sutskever, Ilya and Hinton, Geoffrey},
    year = {2012},
    month = {01},
    pages = {},
    title = {ImageNet Classification with Deep Convolutional Neural Networks},
    volume = {25},
    journal = {Neural Information Processing Systems},
    doi = {10.1145/3065386}
}

@misc{medium-teco,
    title={Medium TECO Kids article},
    howpublished="\url{https://medium.com/@tecokids.monastir/fully-connected-layer-with-dynamic-input-shape-70c869ae71af}",
    key = {Medium Teco},
    year = {2019},
    journal = {medium.com},
}

@misc{tds-resnet,
    title={An Overview of ResNet and its Variants},
    howpublished="\url{https://towardsdatascience.com/an-overview-of-resnet-and-its-variants-5281e2f56035}",
    key = {Towards Data Science},
    year = {2017},
    journal = {towardsdatascience.com},
}

@misc{tds-mobilenet,
    title={MobileNetV1 — Depthwise Separable Convolution},
    howpublished="\url{https://towardsdatascience.com/review-mobilenetv1-depthwise-separable-convolution-light-weight-model-a382df364b69
}",
    key = {Towards Data Science},
    year = {2018},
    journal = {towardsdatascience.com},
}

@misc{googledev-images,
    title={Google Developers Documentation},
    howpublished="\url{https://developers.google.com/machine-learning/practica/image-classification}",
    key = {Google Developers},
    year = {2021},
    journal = {developers.google.com},
}

@misc{d2l-ai,
    title={Dive Into Deep Learning},
    howpublished="\url{https://d2l.ai/chapter_convolutional-modern/resnet.html}",
    key = {Dive Into Deep Learning},
    year = {2021},
    journal = {d2l.ai}
}

@misc{ionic,
    title={Ionic Framework},
    howpublished="\url{https://ionicframework.com}",
    key = {Ionic},
    year = {2021},
    journal = {ionicframework.com}
}

@misc{reactjs,
    title={ReactJS Docs},
    howpublished="\url{https://reactjs.org/docs/}",
    key = {React},
    year = {2021},
    journal = {reactjs.org}
}

@misc{leafsnap-db,
    title={Leafsnap Dataset},
    howpublished="\url{http://leafsnap.com/dataset/}",
    key = {LeafSNAP},
    year = {2020},
    journal = {leafsnap.com}
}

@misc{plantnet-db,
    title={PlantNet Dataset},
    howpublished="\url{https://plantnet.org/}",
    key = {PlantNet},
    year = {2020},
    journal = {plantnet.org}
}

@misc{clef,
    title={ImageCLEF},
    howpublished="\url{https://www.imageclef.org/}",
    key = {CLEF},
    year = {2019},
    journal = {imageclef.org}
}

@misc{wildflower,
    title={wildflower.com},
    howpublished="\url{https://github.com/jw15/wildflower-finder}",
    key = {wildflowe.com},
    year = {2017},
    journal = {github.com}
}

@inproceedings{CLEF2017,
  TITLE = {{Plant identification based on noisy web data: the amazing performance of deep learning (LifeCLEF 2017)}},
  AUTHOR = {Go{\"e}au, Herv{\'e} and Bonnet, Pierre and Joly, Alexis},
  URL = {https://hal.archives-ouvertes.fr/hal-01629183},
  BOOKTITLE = {{CLEF: Conference and Labs of the Evaluation Forum}},
  ADDRESS = {Dublin, Ireland},
  VOLUME = {CEUR Workshop Proceedings},
  NUMBER = {1866},
  YEAR = {2017},
  MONTH = Sep,
  KEYWORDS = {Bark ; Stem ; Branch ; Species ; Retrieval ; Images ; Collection ; Species identification ; Fine-grained classification ; Citizen-science ; Evaluation ; Flower ; Fruit ; Leaf ; Leaves ; Plant ; Benchmark ; LifeCLEF},
  PDF = {https://hal.archives-ouvertes.fr/hal-01629183/file/invited_paper_9.pdf},
  HAL_ID = {hal-01629183},
  HAL_VERSION = {v1},
}

@InProceedings{leafsnap_eccv2012,
author = {Neeraj Kumar and Peter N. Belhumeur and Arijit Biswas and David W. Jacobs and W. John Kress and Ida Lopez and João V. B. Soares},
title = {Leafsnap: A Computer Vision System for Automatic Plant Species Identification},
booktitle = {The 12th European Conference on Computer Vision (ECCV)},
month = {October},
year = {2012}
}

@INPROCEEDINGS{treebark2018,  
author={M. {Carpentier} and P. {Giguère} and J. {Gaudreault}},  
booktitle={2018 IEEE/RSJ International Conference on Intelligent Robots and Systems (IROS)},   
title={Tree Species Identification from Bark Images Using Convolutional Neural Networks},   
year={2018},  volume={},  number={},  pages={1075-1081},  
doi={10.1109/IROS.2018.8593514}
}

@INPROCEEDINGS{Robert2020BarkRe-Id, 
author={M. {Robert} and P. {Dallaire} and P. {Giguère}}, 
booktitle={2020 Conference on Computer and Robot Vision (CRV)}, 
title={Tree bark re-identification using a deep-learning feature descriptor}, 
year={2020} 
}

@article{VALERIE200651,
title = {Tree species identification on large-scale aerial photographs in a tropical rain forest, French Guiana—application for management and conservation},
journal = {Forest Ecology and Management},
volume = {225},
number = {1},
pages = {51-61},
year = {2006},
issn = {0378-1127},
doi = {https://doi.org/10.1016/j.foreco.2005.12.046},
url = {https://www.sciencedirect.com/science/article/pii/S0378112705007681},
author = {Trichon Valérie and Julien Marie-Pierre},
}

@InProceedings{Huang2006,
author="Huang, Zhi-Kai
and Quan, Zhong-Hua
and Du, Ji-Xiang",
editor="Huang, De-Shuang
and Li, Kang
and Irwin, George William",
title="Bark Classification Based on Contourlet Filter Features Using RBPNN",
booktitle="Intelligent Computing",
year="2006",
publisher="Springer Berlin Heidelberg",
address="Berlin, Heidelberg",
pages="1121--1126"
}

@inproceedings{Lidar2017,
author = {Tomohiro Mizoguchi and Akira Ishii and Hiroyuki Nakamura and Tsuyoshi Inoue and Hisashi Takamatsu},
title = {{Lidar-based individual tree species classification using convolutional neural network}},
volume = {10332},
booktitle = {Videometrics, Range Imaging, and Applications XIV},
editor = {Fabio Remondino and Mark R. Shortis},
organization = {International Society for Optics and Photonics},
publisher = {SPIE},
pages = {193 -- 199},
keywords = {terrestrial lidar , tree species, Convolutional neural network},
year = {2017},
doi = {10.1117/12.2270123},
URL = {https://doi.org/10.1117/12.2270123}
}

@article{Fabijanska2021,
  author  = {Anna Fabija\'{n}ska and Malgorzata Danek and Joanna Barniak}, 
  title   = {Wood species automatic identification from wood core images with a residual convolutional neural network},
  journal = {Computers and Electronics in Agriculture},
  volume  = {},
  number  = {},
  pages   = {},
  year 	  = {2021},
  note 	  = {},
  issn 	  = {},
  doi 	  = {}, 
  url 	  = {}
}

@article{Lin2020,
author = {Lin, Chuen and Yu, Chia and Wang, Ting and Chen, Tsung},
year = {2020},
month = {04},
pages = {},
title = {Classification of the tree for aerial image using a deep convolution neural network and visual feature clustering},
volume = {76},
journal = {The Journal of Supercomputing},
doi = {10.1007/s11227-019-03012-3}
}

@article{Sulc2016,
author = {M. Sulc, D. Mishkin, and J. Matas},
year = {2016},
month = {01},
pages = {},
title = {Very deep residual networks with maxout for plant identification in the wild,” Working notes of CLEF}
}


@article{MobileNet2017,
  author    = {Andrew G. Howard and
               Menglong Zhu and
               Bo Chen and
               Dmitry Kalenichenko and
               Weijun Wang and
               Tobias Weyand and
               Marco Andreetto and
               Hartwig Adam},
  title     = {MobileNets: Efficient Convolutional Neural Networks for Mobile Vision
               Applications},
  journal   = {CoRR},
  volume    = {abs/1704.04861},
  year      = {2017},
  url       = {http://arxiv.org/abs/1704.04861},
  archivePrefix = {arXiv},
  eprint    = {1704.04861},
  timestamp = {Mon, 13 Aug 2018 16:46:35 +0200},
  biburl    = {https://dblp.org/rec/journals/corr/HowardZCKWWAA17.bib},
  bibsource = {dblp computer science bibliography, https://dblp.org}
}

@misc{wiki-cnn,
    title={CNN Wikipedia Article},
    howpublished="\url{https://en.wikipedia.org/wiki/Convolutional_neural_network}",
    key = {CNN Wiki},
    year = {2015},
    journal = {wiki.com},
}

@article{ResNet2015,
  author    = {Kaiming He and
               Xiangyu Zhang and
               Shaoqing Ren and
               Jian Sun},
  title     = {Deep Residual Learning for Image Recognition},
  journal   = {CoRR},
  volume    = {abs/1512.03385},
  year      = {2015},
  url       = {http://arxiv.org/abs/1512.03385},
  archivePrefix = {arXiv},
  eprint    = {1512.03385},
  timestamp = {Wed, 17 Apr 2019 17:23:45 +0200},
  biburl    = {https://dblp.org/rec/journals/corr/HeZRS15.bib},
  bibsource = {dblp computer science bibliography, https://dblp.org}
}

\end{thebibliography}
